@book{rogers,
	author={Роджерс, Д.},
	title={Алгоритмические основы машинной графики},
	edition=1,
	publisher="Д. Роджерс. — Москва «Мир»",
	language="russian",
	year=1989
}

@inbook{shykin,
	author={Шикин, Е. В.},
	title={Компьютерная графика. Динамика, реалистические изображения},
	publisher="М.: ДИАЛОГ–МИФИ",
	pages="288",
	year=1998,
	language="russian"
}

@inbook{snizko,
	author={Снижко, Е. А.},
	title={Компьютерная графика. Динамика, реалистические изображения},
	publisher="Балт. гос. техн. ун-т. – СПб.",
	pages="132",
	year=2005,
	language="russian"
}

@misc{traceproblem,
	title="Проблемы трассировки лучей – из будущего в реальное время [Электронный ресурс]",
	howpublished="Режим доступа: \url{https://nvworld.ru/articles/ray-tracing/3/} дата обращения: 03.11.2021)"
}
@misc{bayackovskiy,
	title="Ю.М. Баяковский. Трассировка лучей из книги Джефа Проузиса [Электронный ресурс]",
	howpublished="Режим доступа: \url{htps://www.graphicon.ru/oldgr/courses/cg99/notes/lect12/prouzis/raytrace.htm} дата обращения: 03.11.2021)"
}

@misc{amdal,
	title="Александр Антонов. Под законом Амдала [Электронный ресурс]",
	howpublished="Режим доступа: \url{https://old.computerra.ru/2002/430/198481/} дата обращения: 05.11.2021)"
}

@misc{cpp,
	title="Standard C++ [Электронный ресурс]",
	howpublished="Режим доступа: \url{https://isocpp.org/} (дата обращения: 24.10.2021)"
}

@misc{qt,
	title="Qt | Cross-platform software development for embedded \& desktop [Электронный ресурс]",
	howpublished="Режим доступа: \url{https://www.qt.io/} (дата обращения: 24.10.2021)"
}

@misc{clang,
    title="Clang C Language Family Frontend for LLVM",
    howpublished="Режим доступа: \url{https://clang.llvm.org/} (дата обращения: 2.11.2021)"
}

@misc{clang_static,
    title="Clang Static Analyzer",
    howpublished="Режим доступа: \url{https://clang-analyzer.llvm.org/} (дата обращения: 2.11.2021)"
}

@misc{valgrind,
    title="Valgrind Home",
    howpublished="Режим доступа: \url{https://valgrind.org/} (дата обращения: 2.11.2021)"
}

@misc{cmake,
    title="CMake",
    howpublished="Режим доступа: \url{https://cmake.org/} (дата обращения: 3.11.2021)"
}

@misc{make,
    title="Make - GNU Project - Free Software Foundation",
    howpublished="Режим доступа: \url{https://www.gnu.org/software/make/} (дата обращения: 3.11.2021)"
}

@misc{vscode,
    title="Visual Studio Code - Code Editing. Redefined",
    howpublished="Режим доступа: \url{https://code.visualstudio.com/} (дата обращения: 1.11.2021)"
}

@misc{vscode_plugins,
    title="Managing Extensions in Visual Studio Code",
    howpublished="Режим доступа: \url{https://code.visualstudio.com/docs/editor/extension-marketplace} (дата обращения: 1.11.2021)"
}

@inbook{analyse,
	author={Гудман С. Хидетниеми С.},
	title="Введение в разработку и анализ алгоритмов",
	publisher="Мир",
	pages="368",
	language="russian",
	year=1981
}

@inbook{analyse_2,
	author={М.В. Ульянов},
	title={Ресурсно-эффективные компьютерные алгоритмы. Разработка и анализ},
	publisher="ФИЗМАТЛИТ",
	pages="308",
	language="russian",
	year=2007
}

@book{knut,
	author="Кнут Д.",
	title="Сортировка и поиск",
	edition=3,
	volume=3,
	series="Искусство программирования",
	publisher="-- М.: Вильямс",
	language="russian",
	year=2000
}

@inbook{kormen,
	author="Кормен Т. Лейзерсон Ч. Ривест Р. Штайн К.",
	title="Алгоритмы: построение и анализ.",
	publisher="-- М.: Вильямс",
	pages="1296",
	language="russian",
	year=2013

}

@misc{manjaro,
	title="Manjaro - enjoy the simplicity [Электронный ресурс]",
	howpublished="Режим доступа: \url{https://manjaro.org/} (дата обращения: 24.10.2021)"
}

@misc{linux,
	title="LINUX.ORG.RU -- Русская информация об ОС Linux [Электронный ресурс]",
	howpublished="Режим доступа: \url{https://www.linux.org.ru/} (дата обращения: 24.10.2021)"
}

@misc{i5,
	title="Процессор Intel® Core™ i5-8250U [Электронный ресурс]",
	howpublished="Режим доступа: \url{https://ark.intel.com/content/www/ru/ru/ark/products/124967/intel-core-i5-8250u-processor-6m-cache-up-to-3-40-ghz.html} (дата обращения: 24.10.2021)"
}

@misc{omp,
    title="Директивы OpenMP | Microsoft Docs",
    howpublished="Режим доступа: \url{https://docs.microsoft.com/ru-ru/cpp/parallel/openmp/reference/openmp-directives?view=msvc-170} (дата обращения: 24.10.2021)"
}

@misc{qimage,
    title="QImage Class | Qt GUI 5.15.7 - Qt Documentation",
    howpublished="Режим доступа: \url{https://doc.qt.io/qt-5/qimage.html} (дата обращения: 24.10.2021)"
}